@ONLINE{idcphonetracker,
author = {IDC},
title = {Smartphone Market Hits All-Time Quarterly High Due To Seasonal Strength and Wider Variety of Offerings, According to IDC },
month = feb,
year = {2012},
url = {http://www.idc.com/getdoc.jsp?containerId=prUS23299912}
}
